@online{shoppingStatistic,
author = "Bundesverband E-Commerce und Versandhandel Deutschland e. V. (bevh)",
year = "2016",
month = oct,
day = "25",
title = "Sommer-Umfrage 2016: Einkaufspr√§ferenzen im Online- und Versandhandel sowie im klassischen Einzelhandel",
url = "https://www.boniversum.de/wp-content/uploads/2016/07/Einkaufspraeferenzen-im-Online-und-Versandhandel\_2016.pdf",
lastaccessed = "September 14, 2017",
}

@online{logreg,
author = "StatProf",
year = "2012",
month = feb,
day = "12",
title = "What is (Multivariate) Logistic Regression?",
url = "http://logisticregressionanalysis.com/86-what-is-logistic-regression/",
lastaccessed = "September 13, 2017",
}

@online{randfor,
author = "Fabian Knorre",
year = "2012",
month = nov,
day = "26",
title = "Random Forests",
subtitle = "Angewandte Biostatistik mit R",
url = "https://www.statistik.tu-dortmund.de/fileadmin/user_upload/Lehrstuehle/Genetik/BS1213/Biostatistik_mit_R_Knorre.pdf",
lastaccessed = "September 12, 2017",
}
